@Article{AbLeLi07,
author = {Kumar Abhishek and Sven Leyffer and Jeff T. Linderoth},
title = {{FilMINT}: An Outer-Approximation-Based Solver for Nonlinear Mixed Integer Programs},
journal = {INFORMS Journal On Computing},
volume = {22},
year = {2010},
number = {4},
pages = {555--567}
}

@Article{Ach09,
  author =	 {Tobias Achterberg},
  title =	 {{SCIP: Solving Constraint Integer Programs}},
  journal =	 {Mathematical Programming Computations},
  year =	 {2009},
  volume =	 {1},
  number =	 {1},
  pages =	 {1--41}
}

@PhdThesis{Achterberg2007,
  author =	 {Tobias Achterberg},
  title =	 {Constraint Integer Programming},
  school =	 {Technische Universit\"at Berlin},
  year =	 2007
}

@InProceedings{AchBeKoWo08,
  author =       {Tobias Achterberg and Timo Berthold and Thorsten Koch and Kati Wolter},
  title =        {Constraint Integer Programming: A New Approach to Integrate {CP} and {MIP}},
  booktitle =    {Integration of AI and OR Techniques in Constraint Programming for Combinatorial Optimization Problems, 5th International Conference, CPAIOR 2008},
  pages =        {6--20},                                                                                                                                           
  year =         2008,                                                                                                                                              
  editor =       {L. Perron and M.A. Trick},                                                                                                                        
  volume =       5015,                                                                                                                                              
  series =       {LNCS},                                                                                                                                            
  publisher =    {Springer}                                                                                                                                         
}                                                                                                                                                                   

@Article{AmestoyDuffKosterLExcellent2001,
 author = {Patrick R. Amestoy and Iain S. Duff and Jacko Koster and Jean-Yves L'Excellent},
 title = {A fully asynchronous multifrontal solver using distributed dynamic scheduling},
 journal = {SIAM Journal of Matrix Analysis and Applications},
 year = {2001},
 volume = {23},
 number = {1},
 pages = {15--24}
}

@Article{AmestoyGuermoucheLExcellentPralet2006,
 author = {Patrick R. Amestoy and Abdou Guermouche and Jean-Yves L'Excellent and Stephane Pralet},
 title = {Hybrid scheduling for the parallel solution of linear systems},
 journal = {Parallel Computing},
 year = {2006},
 volume = {32},
 number = {2},
 pages = {136--156}
}

@article{BBCCGLLLMSW,
  author =	 {Pierre Bonami and Andreas W{\"a}chter and Lorenz T. Biegler and Andrew R. Conn
                  and G{\'e}rard Cornu{\'e}jols and Ignacio E. Grossmann
                  and Carl D. Laird and Jon Lee and Andrea Lodi and
                  Fran\c{c}ois Margot and Nicolas W. Sawaya},
  title =	 {An algorithmic framework for convex mixed integer nonlinear programs},
  journal =	 {Discrete Optimization},
  volume =	 {5},
  number =	 {2},
  year =	 {2008},
  pages =	 {186--204}
}

@Article{BeLeLiMaWa08,
  author =	 {Pietro Belotti and Jon Lee and Leo Liberti and Fran\c{c}ois Margot and Andreas W{\"a}chter},
  title =	 {Branching and bounds tightening techniques for non-convex {MINLP}},
  journal =	 {Optimization Methods and Software},
  volume =	 {24},
  number =	 {4--5},
  pages =	 {597--634},
  year =	 {2009}
}

@InCollection{Be09,
 author = {Pietro Belotti},
 title = {Disjunctive cuts for non-convex {MINLP}},
 crossref = {LeLe12},
 pages = {117--144}
}

@misc{Berthold2006,
  author =	 {Timo Berthold},
  title =	 {Primal Heuristics for Mixed Integer Programs},
  school =	 {Technische Universit\"at Berlin},
  year =	 {2006},
  howpublished = {Diploma thesis, Technische Universit\"at Berlin}
}

@InCollection{BertholdHeinzVigerske2009,
 author = {Timo Berthold and Stefan Heinz and Stefan Vigerske},
 title = {Extending a {CIP} framework to solve {MIQCP}s},
 crossref = {LeLe12},
 pages = {427--444}
}

@Book{Biegler2010,
 title = {Nonlinear Programming: Concepts, Algorithms and Applications to Chemical Processes},
 publisher = {SIAM, Philadelphia},
 year = {2010},
 author = {Lorenz T. Biegler}
}

@Article{BoCoLoMa06,
author = { Pierre Bonami and G\'erard Cornu\'ejols and Andrea Lodi and Fran\c{c}ois Margot},
title = { A Feasibility Pump for Mixed Integer Nonlinear Programs },
journal = {Mathematical Programming },
year = {2009},
volume =       {119},
pages =        {331--352},
annote = { IBM Research Report RC23862}
}

@article{BoGo08,
   author = {Pierre Bonami and Jo{\~{a}}o P. M. Gon{\c{c}}alves},
   affiliation = {Laboratoire d’Informatique Fondamentale de Marseille, CNRS-Aix-Marseille Universités, Marseille, France},
   title = {Heuristics for convex mixed integer nonlinear programs},  
   journal = {Computational Optimization and Applications},
   publisher = {Springer Netherlands},
   issn = {0926-6003},
   keyword = {Mathematik und Statistik},
   volume = {to appear},
   xpages = {1--19},
   xurl = {http://dx.doi.org/10.1007/s10589-010-9350-6},
   doi = {10.1007/s10589-010-9350-6},
   year = {2010}
}

@InCollection{BoKiLi09,
  author       = {Pierre Bonami and Mustafa Kilin{\c{c}} and Jeffrey Linderoth},
  booktitle    = {Mixed-integer nonlinear optimization: Algorithmic advances and applications},
  crossref     = {LeLe12},
  pages        = {1--40},
  editor       = {Jon Lee and Sven Leyffer},
  series       = {IMA volumes in Mathematics and its Applications},
  title        = {Algorithms and Software for Convex Mixed Integer Nonlinear Programs},
  publisher    = "Springer",
  year         = {2011},
  URL          = {\url{http://www.optimization-online.org/DB_HTML/2009/10/2429.html}}
}

@Manual{BonminManual,
 title = {BONMIN Users' Manual},
author = {Pierre Bonami and Jon Lee},
edition = {1.5},
month = {July},
year = {2011},
note = {\url{https://projects.coin-or.org/Bonmin}}
}

@Manual{CouenneManual,
 title = {COUENNE: a user's manual},
 author = {Pietro Belotti},
 note = {\url{https://projects.coin-or.org/Couenne}}
}

@Manual{IpoptManual,
 title = {Introduction to Ipopt: A tutorial for downloading, installing, and using Ipopt},
 author = {Yoshiaki Kawajir and Carl Laird and Andreas W{\"a}chter},
 edition = {2087},
 month = {February},
 year = {2012},
 note = {\url{https://projects.coin-or.org/Ipopt}}
}

@Manual{OSManual,
 title = {Optimization Services 2.1 User's Manual},
 author = {Horand Gassmann and Jun Ma and Kipp Martin and Wayne Sheng},
 month = {March},
 year = {2010},
 note = {\url{https://projects.coin-or.org/OS}}
}

@article{DuGr86,
   author    = {Marco A. Duran and Ignacio E. Grossmann},
   title     = {An Outer-Approximation Algorithm for a Class of Mixed-integer Nonlinear Programs},
   journal   = {Mathematical Programming},
   year      = {1986},
   volume    = {36},
   pages     = {307--339},
   language  = {english}
}

@article{FlLe94,
   author    = {Roger Fletcher and Sven Leyffer},
   title     = {Solving {M}ixed {I}nteger {N}onlinear {P}rograms by {O}uter {A}pproximation},
   journal   = {Mathematical Programming},
   year      = {1994},
   volume    = {66},
   number    = {3(A)},
   pages     = {327--349},
   language  = {english}
}

@Article{GuptaRavindran85,
 author = {Omprakash K. Gupta and A. Ravindran},
 title = {Branch and bound experiments in convex nonlinear integer programming},
 journal = {Management Science},
 year = {1985},
 volume = {31},
 pages = {1533--1546}
}

@Article{FourerMaMartin2010,
 author = {Robert Fourer and Jun Ma and Kipp Martin},
 title = {{OSiL}: An Instance Language for Optimization},
 journal = {Computational Optimization and Applications},
 year = {2010},
 volume = {45},
 number = {1},
 pages = {181--203}
}

@Article{FourerMaMartin2009,
 author = {Robert Fourer and Jun Ma and Kipp Martin},
 title = {Optimization Services: A Framework for Distributed Optimization},
 journal = {Operations Research},
 year = {2010},
 volume = {58},
 number = {6},
 pages = {1624--1636},
 note = {\url{http://www.optimizationservices.org/}}
}

@Article{KaKu99,
 author = {George Karypis and Vipin Kumar},
 title = {A Fast and Highly Quality Multilevel Scheme for Partitioning Irregular Graphs},
 journal = {SIAM Journal on Scientific Computing},
 year = {1999},
 volume = {20},
 number = {1},
 pages = {359--392}
}

@Book{LeLe12,
 title = {Mixed Integer Nonlinear Programming},
 booktitle = {Mixed Integer Nonlinear Programming},
 publisher = {Springer},
 year = {2012},
 editor = {Jon Lee and Sven Leyffer},
 volume = {154},
 series = {The IMA Volumes in Mathematics and its Applications},
 doi = {10.1007/978-1-4614-1927-3},
 issn = {978-1-4614-1926-6}
}

@Article{Lo03,
author = {Robin Lougee-Heimer},
title = {The {C}ommon {O}ptimization {IN}terface for {O}perations {R}esearch},
journal = {IBM Journal of Research and Development},
year = {2003},
volume = {47},
number = {1},
pages = {57--66},
note = {\url{http://www.coin-or.org}}
}

@PhdThesis{Ma2005,
 author = {Jun Ma},
 title = {Optimization Services (OS)},
 school = {Industrial Engineering and Management Sciences, Northwestern University},
 year = {2005}
}

@Article{NoWaWa08,
 author = {Jorge Nocedal and Andreas W{\"a}chter and Richard A. Waltz},
 title = {Adaptive barrier strategies for nonlinear interior methods},
 journal = {SIAM Journal on Optimization},
 year = {2008},
 volume = {19},
 number = {4},
 pages = {1674--1693}
}

@article{QeGr92,
   author    = {Ignacio Quesada and Ignacio E. Grossmann},
   title     = {An {LP/NLP} Based Branch and Bound Algorithm for Convex {MINLP} Optimization Problems},
   journal   = {Computers \& Chemical Engineering},
   year      = {1992},
   volume    = {16},
   pages     = {937--947},
   language  = {english}
}

@PhdThesis{Vi12,
 author = {Stefan Vigerske},
 title = {Decomposition of Multistage Stochastic Programs and a Constraint Integer Programming Approach to Mixed-Integer Nonlinear Programming},
 school = {Humboldt Universit\"at zu Berlin},
 year = {2012}
}

@PhdThesis{Waechter2002,
 author = {Andreas W\"achter},
 title = {An Interior Point Algorithm for Large-Scale Nonlinear Optimization with Applications in Process Engineering},
 school = {Carnegie Mellon University},
 year = {2002},
 address = {Pittsburgh, PA},
 month = {January}
}

@Article{WaBi06,
author = {Andreas W\"achter and Lorenz T. Biegler},
title = {On the Implementation of a Primal-Dual Interior Point Filter Line Search Algorithm for Large-Scale Nonlinear Programming},
journal = {Mathematical Programming },
year = {2006},
volume = {106},
number = {1},
pages = {25--57},
note = { \url{http://projects.coin-or.org/Ipopt} }
}

@Article{WaBi2006,
author = {Andreas W\"achter and Lorenz T. Biegler},
title = {On the Implementation of a Primal-Dual Interior Point Filter Line Search Algorithm for Large-Scale Nonlinear Programming},
journal = {Mathematical Programming },
year = {2006},
volume = {106},
number = {1},
pages = {25--57},
note = { \url{http://projects.coin-or.org/Ipopt} }
}

@Article{WaBi05a,
 author = {Andreas W\"achter and Lorenz T. Biegler},
 title = {Line search filter methods for nonlinear programming: {M}otivation and global convergence},
 journal = {SIAM Journal on Optimization},
 year = {2005},
 volume = {16},
 number = {1},
 pages = {1--31}
}

@Article{WaBi05b,
 author = {Andreas W\"achter and Lorenz T. Biegler},
 title = {Line search filter methods for nonlinear programming: Local convergence},
 journal = {SIAM Journal on Optimization},
 year = {2005},
 volume = {16},
 number = {1},
 pages = {32--48}
}

@misc{Wolter2006,
  author =       {Kati Wolter},
  title =        {Implementation of Cutting Plane Separators for Mixed Integer Programs},
  school =       {Diploma thesis, Technische Universit{\"a}t Berlin},
  year =         {2006},
  howpublished = {Diploma thesis, Technische Universit{\"a}t Berlin}
}

@PhdThesis{Wunderling1996,
  author       = "Roland Wunderling",
  title        = "Paralleler und objektorientierter {S}implex-{A}lgorithmus",
  school       = "Technische Universit{\"a}t Berlin",
  year         = "1996",
  note         = "\url{http://www.zib.de/Publications/abstracts/TR-96-09}, \url{http://soplex.zib.de}"
}